@article{Bradbury:2007fd,
author = {Bradbury, P J and Zhang, Z and Kroon, D E and Casstevens, T M and Ramdoss, Y and Buckler, E S},
title = {{TASSEL: software for association mapping of complex traits in diverse samples}},
journal = {Bioinformatics (Oxford, England)},
year = {2007},
volume = {23},
number = {19},
pages = {2633--2635},
month = oct
}

@article{Gerke:2013tw,
author = {Gerke, J P and Edwards, J W and Guill, K E and Ross-Ibarra, J and McMullen, M D},
title = {{The genomic impacts of drift and selection for hybrid performance in maize}},
journal = {arXiv preprint arXiv:1307.7313},
year = {2013}
}

@book{gerdes1993compilation,
  title={Compilation of North American maize breeding germplasm},
  author={Gerdes, JT and Tracy, WF and Coors, JG and Geadlemann, JL and Viney, Marian K},
  year={1993},
  publisher={Crop Science Society of America Madison, Wisconsin}
}

@article{Glaubitz:2014eu,
author = {Glaubitz, J C and Casstevens, T M and Lu, F and Harriman, J and Elshire, R J and Sun, Qi and Buckler, Edward S},
title = {{TASSEL-GBS: A High Capacity Genotyping by Sequencing Analysis Pipeline}},
journal = {PLoS ONE},
year = {2014},
volume = {9},
number = {2},
pages = {e90346},
month = feb
}


